@article{lang1994recognition,
  title={Recognition can be Harder than Parsing},
  author={Lang, Bernard},
  journal={Computational Intelligence},
  volume={10},
  number={4},
  pages={486--494},
  year={1994},
  publisher={Wiley}
}

@article{potsdam1998adverbs,
 title={A syntax for adverbs},
 author={Potsdam, Eric},
 journal={WECOL 98, Proceedings of the Western Conference on Linguistics},
 pages={397--411},
 year={1998}
}

@article{kornaipullum1990x-bar,
	title={The X-bar theory of phrase structure},
	author={Kornai, Andras; Pullum, Geoffrey},
	journal={Language},
	pages={24--50},
	year={1990}
}

@book{jurafskymartin2008slp,
	author={Jurafsky, Daniel and Martin, James},
	title={Speech and language processing: An introduction to  natural language processing, computational linguistics, and speech recognition},
	pages={28--29},
	year={2008},
	publisher={Prentice Hall},
	address={Upper Saddle River, N.J}
}

@article{hedberg1999nomadjuncts,
title={On Nominal Complements and Adjuncts},
author={Hedberg, Nancy and DeArmond, Richard},
journal={Proceedings of the 1999 Annual Conference of the Canadian Linguistics Association},
year={1999},
publisher={University of Ottawa: Cahiers Linguistiques dâ€™Ottawa}
}

@book{carnie2013syntax,
	author={Carnie, Andrew},
	title={Syntax. A generative introduction},
	year={2013},
	publisher={Blackwell},
	address={ Oxford, England}
}

@book{palmer2001modality,
	author={Palmer, Frank},
	title={Mood and modality},
	year={2001},
	publisher={Cambridge University Press},
	address={ Cambridge}
}

@book{pullum2002cgel,
	author={Huddleston, Rodney and  Pullum, Geoffrey},
	title={The Cambridge Grammar of the English Language},
	year={2002},
	publisher={Cambridge University Press},
	address={ Cambridge}
}
